<?xml version="1.0" encoding="UTF-8"?><collection xmlns="http://www.loc.gov/MARC21/slim"><record><leader>00371nam--2200133-i-4500</leader><controlfield tag="001">000031033</controlfield><controlfield tag="002">20161230</controlfield><controlfield tag="005">20161230201038</controlfield><controlfield tag="008">060222s1000------------r-----000-0-eng-d</controlfield><datafield ind1=" " ind2=" " tag="080"><subfield code="a">539.12.14</subfield></datafield><datafield ind1=" " ind2=" " tag="100"><subfield code="a">Lobo, Pedro W., Van Tiggelem, Pierre</subfield></datafield><datafield ind1=" " ind2=" " tag="245"><subfield code="a">Determinacion del momento dipolar</subfield></datafield><datafield ind1=" " ind2=" " tag="260"><subfield code="a">Tucuman, Universidad Nacional De Tucuman.(F.Data). 21p</subfield></datafield><datafield ind1=" " ind2=" " tag="852"><subfield code="a">25109</subfield></datafield></record></collection>